

@article{shuman2013emerging,
	title={The emerging field of signal processing on graphs: Extending high-dimensional data analysis to networks and other irregular domains},
	author={Shuman, David I and Narang, Sunil K and Frossard, Pascal and Ortega, Antonio and Vandergheynst, Pierre},
	journal={IEEE signal processing magazine},
	volume={30},
	number={3},
	pages={83--98},
	year={2013},
	publisher={IEEE}
}

@article{fischl1999high,
	title={High-resolution intersubject averaging and a coordinate system for the cortical surface},
	author={Fischl, Bruce and Sereno, Martin I and Tootell, Roger BH and Dale, Anders M},
	journal={Human brain mapping},
	volume={8},
	number={4},
	pages={272--284},
	year={1999},
	publisher={Wiley Online Library}
}

@article{reuter2006laplace,
	title={Laplace--Beltrami spectra as ‘Shape-DNA’of surfaces and solids},
	author={Reuter, Martin and Wolter, Franz-Erich and Peinecke, Niklas},
	journal={Computer-Aided Design},
	volume={38},
	number={4},
	pages={342--366},
	year={2006},
	publisher={Elsevier}
}

@article{goscinski2014multi,
	title={The multi-modal Australian ScienceS Imaging and Visualization Environment (MASSIVE) high performance computing infrastructure: applications in neuroscience and neuroinformatics research},
	author={Goscinski, Wojtek J and McIntosh, Paul and Felzmann, Ulrich and Maksimenko, Anton and Hall, Christopher J and Gureyev, Timur and Thompson, Darren and Janke, Andrew and Galloway, Graham and Killeen, Neil EB and others},
	journal={Frontiers in Neuroinformatics},
	volume={8},
	pages={30},
	year={2014},
	publisher={Frontiers Media SA}
}

@inproceedings{seo2011laplace,
	title={Laplace-Beltrami eigenfunction expansion of cortical manifolds},
	author={Seo, Seongho and Chung, Moo K},
	booktitle={2011 IEEE International Symposium on Biomedical Imaging: From Nano to Macro},
	pages={372--375},
	year={2011},
	organization={IEEE}
}

@book{chavel1984eigenvalues,
	title={Eigenvalues in Riemannian geometry},
	author={Chavel, Isaac},
	year={1984},
	publisher={Academic press}
}

@article{wachinger2015brainprint,
	title={BrainPrint: A discriminative characterization of brain morphology},
	author={Wachinger, Christian and Golland, Polina and Kremen, William and Fischl, Bruce and Reuter, Martin and Alzheimer's Disease Neuroimaging Initiative and others},
	journal={NeuroImage},
	volume={109},
	pages={232--248},
	year={2015},
	publisher={Elsevier}
}

@book{melrose1991electromagnetic,
	title={Electromagnetic processes in dispersive media},
	author={Melrose, David Blair and McPhedran, Ross C},
	year={1991}
}

@article{nowack1995neocortical,
	title={Neocortical dynamics and human EEG rhythms},
	author={Nowack, William J},
	journal={Neurology},
	volume={45},
	number={9},
	pages={1793--1793},
	year={1995},
	publisher={AAN Enterprises}
}

@article{naze2021robustness,
	title={Robustness of connectome harmonics to local gray matter and long-range white matter connectivity changes},
	author={Naze, S{\'e}bastien and Proix, Timoth{\'e}e and Atasoy, Selen and Kozloski, James R},
	journal={Neuroimage},
	volume={224},
	pages={117364},
	year={2021},
	publisher={Elsevier}
}

@article{chen2022individuality,
	title={The individuality of shape asymmetries of the human cerebral cortex},
	author={Chen, Yu-Chi and Arnatkevi{\v{c}}i{\=u}t{\.e}, Aurina and McTavish, Eugene and Pang, James C and Chopra, Sidhant and Suo, Chao and Fornito, Alex and Aquino, Kevin M},
	journal={Elife},
	volume={11},
	pages={e75056},
	year={2022},
	publisher={eLife Sciences Publications Limited}
}

@article{henderson2022empirical,
	title={Empirical estimation of the eigenmodes of macroscale cortical dynamics: Reconciling neural field eigenmodes and resting-state networks},
	author={Henderson, James A and Aquino, Kevin M and Robinson, PA},
	journal={Neuroimage: Reports},
	volume={2},
	number={3},
	pages={100103},
	year={2022},
	publisher={Elsevier}
}

@article{tian2021high,
	title={High-resolution connectomic fingerprints: Mapping neural identity and behavior},
	author={Tian, Ye and Yeo, BT Thomas and Cropley, Vanessa and Zalesky, Andrew and others},
	journal={NeuroImage},
	volume={229},
	pages={117695},
	year={2021},
	publisher={Elsevier}
}

@article{salimi2014automatic,
	title={Automatic denoising of functional MRI data: combining independent component analysis and hierarchical fusion of classifiers},
	author={Salimi-Khorshidi, Gholamreza and Douaud, Gwena{\"e}lle and Beckmann, Christian F and Glasser, Matthew F and Griffanti, Ludovica and Smith, Stephen M},
	journal={Neuroimage},
	volume={90},
	pages={449--468},
	year={2014},
	publisher={Elsevier}
}

@article{glasser2013minimal,
	title={The minimal preprocessing pipelines for the Human Connectome Project},
	author={Glasser, Matthew F and Sotiropoulos, Stamatios N and Wilson, J Anthony and Coalson, Timothy S and Fischl, Bruce and Andersson, Jesper L and Xu, Junqian and Jbabdi, Saad and Webster, Matthew and Polimeni, Jonathan R and others},
	journal={Neuroimage},
	volume={80},
	pages={105--124},
	year={2013},
	publisher={Elsevier}
}

@article{van2013wu,
	title={The WU-Minn human connectome project: an overview},
	author={Van Essen, David C and Smith, Stephen M and Barch, Deanna M and Behrens, Timothy EJ and Yacoub, Essa and Ugurbil, Kamil and Wu-Minn HCP Consortium and others},
	journal={Neuroimage},
	volume={80},
	pages={62--79},
	year={2013},
	publisher={Elsevier}
}

@article{robinson2018multimodal,
	title={Multimodal surface matching with higher-order smoothness constraints},
	author={Robinson, Emma C and Garcia, Kara and Glasser, Matthew F and Chen, Zhengdao and Coalson, Timothy S and Makropoulos, Antonios and Bozek, Jelena and Wright, Robert and Schuh, Andreas and Webster, Matthew and others},
	journal={Neuroimage},
	volume={167},
	pages={453--465},
	year={2018},
	publisher={Elsevier}
}

@article{woolrich2004multilevel,
	title={Multilevel linear modelling for FMRI group analysis using Bayesian inference},
	author={Woolrich, Mark W and Behrens, Timothy EJ and Beckmann, Christian F and Jenkinson, Mark and Smith, Stephen M},
	journal={Neuroimage},
	volume={21},
	number={4},
	pages={1732--1747},
	year={2004},
	publisher={Elsevier}
}

@article{barch2013function,
	title={Function in the human connectome: task-fMRI and individual differences in behavior},
	author={Barch, Deanna M and Burgess, Gregory C and Harms, Michael P and Petersen, Steven E and Schlaggar, Bradley L and Corbetta, Maurizio and Glasser, Matthew F and Curtiss, Sandra and Dixit, Sachin and Feldt, Cindy and others},
	journal={Neuroimage},
	volume={80},
	pages={169--189},
	year={2013},
	publisher={Elsevier}
}

@article{robinson2016eigenmodes,
	title={Eigenmodes of brain activity: Neural field theory predictions and comparison with experiment},
	author={Robinson, Peter A and Zhao, X and Aquino, Kevin M and Griffiths, JD and Sarkar, Somwrita and Mehta-Pandejee, Grishma},
	journal={NeuroImage},
	volume={142},
	pages={79--98},
	year={2016},
	publisher={Elsevier}
}

